%YAML 1.1
%TAG !u! tag:unity3d.com,2011:
--- !u!1 &3575815644151909599
GameObject:
  m_ObjectHideFlags: 0
  m_CorrespondingSourceObject: {fileID: 0}
  m_PrefabInstance: {fileID: 0}
  m_PrefabAsset: {fileID: 0}
  serializedVersion: 6
  m_Component:
  - component: {fileID: 3575815644151909595}
  - component: {fileID: 3575815644151909596}
  - component: {fileID: 3575815644151909597}
  - component: {fileID: 3575815644151909598}
  m_Layer: 0
  m_Name: Camera
  m_TagString: Untagged
  m_Icon: {fileID: 0}
  m_NavMeshLayer: 0
  m_StaticEditorFlags: 0
  m_IsActive: 1
--- !u!4 &3575815644151909595
Transform:
  m_ObjectHideFlags: 0
  m_CorrespondingSourceObject: {fileID: 0}
  m_PrefabInstance: {fileID: 0}
  m_PrefabAsset: {fileID: 0}
  m_GameObject: {fileID: 3575815644151909599}
  m_LocalRotation: {x: -0, y: 0.99393564, z: 0.10996336, w: 0}
  m_LocalPosition: {x: -4.272869, y: 0.96, z: -0.19}
  m_LocalScale: {x: 1, y: 1, z: 1}
  m_Children: []
  m_Father: {fileID: 3575815644744521591}
  m_RootOrder: 1
  m_LocalEulerAnglesHint: {x: -12.626, y: 180, z: 0}
--- !u!20 &3575815644151909596
Camera:
  m_ObjectHideFlags: 0
  m_CorrespondingSourceObject: {fileID: 0}
  m_PrefabInstance: {fileID: 0}
  m_PrefabAsset: {fileID: 0}
  m_GameObject: {fileID: 3575815644151909599}
  m_Enabled: 1
  serializedVersion: 2
  m_ClearFlags: 1
  m_BackGroundColor: {r: 0.19215687, g: 0.3019608, b: 0.4745098, a: 0}
  m_projectionMatrixMode: 1
  m_GateFitMode: 2
  m_FOVAxisMode: 0
  m_SensorSize: {x: 36, y: 24}
  m_LensShift: {x: 0, y: 0}
  m_FocalLength: 50
  m_NormalizedViewPortRect:
    serializedVersion: 2
    x: 0
    y: 0
    width: 1
    height: 1
  near clip plane: 0.3
  far clip plane: 1000
  field of view: 60
  orthographic: 0
  orthographic size: 5
  m_Depth: 0
  m_CullingMask:
    serializedVersion: 2
    m_Bits: 4294967295
  m_RenderingPath: -1
  m_TargetTexture: {fileID: 0}
  m_TargetDisplay: 0
  m_TargetEye: 3
  m_HDR: 1
  m_AllowMSAA: 1
  m_AllowDynamicResolution: 0
  m_ForceIntoRT: 0
  m_OcclusionCulling: 1
  m_StereoConvergence: 10
  m_StereoSeparation: 0.022
--- !u!81 &3575815644151909597
AudioListener:
  m_ObjectHideFlags: 0
  m_CorrespondingSourceObject: {fileID: 0}
  m_PrefabInstance: {fileID: 0}
  m_PrefabAsset: {fileID: 0}
  m_GameObject: {fileID: 3575815644151909599}
  m_Enabled: 1
--- !u!95 &3575815644151909598
Animator:
  serializedVersion: 3
  m_ObjectHideFlags: 0
  m_CorrespondingSourceObject: {fileID: 0}
  m_PrefabInstance: {fileID: 0}
  m_PrefabAsset: {fileID: 0}
  m_GameObject: {fileID: 3575815644151909599}
  m_Enabled: 0
  m_Avatar: {fileID: 0}
  m_Controller: {fileID: 9100000, guid: d54250fa6661e0e448f859dc15816695, type: 2}
  m_CullingMode: 0
  m_UpdateMode: 0
  m_ApplyRootMotion: 0
  m_LinearVelocityBlending: 0
  m_WarningMessage: 
  m_HasTransformHierarchy: 1
  m_AllowConstantClipSamplingOptimization: 1
  m_KeepAnimatorControllerStateOnDisable: 0
--- !u!1 &3575815644744521592
GameObject:
  m_ObjectHideFlags: 0
  m_CorrespondingSourceObject: {fileID: 0}
  m_PrefabInstance: {fileID: 0}
  m_PrefabAsset: {fileID: 0}
  serializedVersion: 6
  m_Component:
  - component: {fileID: 3575815644744521591}
  m_Layer: 0
  m_Name: player hide fail 1
  m_TagString: Untagged
  m_Icon: {fileID: 0}
  m_NavMeshLayer: 0
  m_StaticEditorFlags: 0
  m_IsActive: 1
--- !u!4 &3575815644744521591
Transform:
  m_ObjectHideFlags: 0
  m_CorrespondingSourceObject: {fileID: 0}
  m_PrefabInstance: {fileID: 0}
  m_PrefabAsset: {fileID: 0}
  m_GameObject: {fileID: 3575815644744521592}
  m_LocalRotation: {x: 0, y: 0, z: 0, w: 1}
  m_LocalPosition: {x: 18.77753, y: 3.0328891, z: 0.12415998}
  m_LocalScale: {x: 1, y: 1, z: 1}
  m_Children:
  - {fileID: 3897126739675343735}
  - {fileID: 3575815644151909595}
  - {fileID: 1209326918179908851}
  m_Father: {fileID: 0}
  m_RootOrder: 0
  m_LocalEulerAnglesHint: {x: 0, y: 0, z: 0}
--- !u!95 &3575815645561215907
Animator:
  serializedVersion: 3
  m_ObjectHideFlags: 0
  m_CorrespondingSourceObject: {fileID: 0}
  m_PrefabInstance: {fileID: 0}
  m_PrefabAsset: {fileID: 0}
  m_GameObject: {fileID: 5606754644286357619}
  m_Enabled: 1
  m_Avatar: {fileID: 0}
  m_Controller: {fileID: 9100000, guid: 385ce92442739df4e94efb85ab6b3aea, type: 2}
  m_CullingMode: 0
  m_UpdateMode: 0
  m_ApplyRootMotion: 0
  m_LinearVelocityBlending: 0
  m_WarningMessage: 
  m_HasTransformHierarchy: 1
  m_AllowConstantClipSamplingOptimization: 1
  m_KeepAnimatorControllerStateOnDisable: 0
--- !u!95 &3575815645195395424
Animator:
  serializedVersion: 3
  m_ObjectHideFlags: 0
  m_CorrespondingSourceObject: {fileID: 0}
  m_PrefabInstance: {fileID: 0}
  m_PrefabAsset: {fileID: 0}
  m_GameObject: {fileID: 4422166169817330125}
  m_Enabled: 1
  m_Avatar: {fileID: 0}
  m_Controller: {fileID: 0}
  m_CullingMode: 0
  m_UpdateMode: 0
  m_ApplyRootMotion: 0
  m_LinearVelocityBlending: 0
  m_WarningMessage: 
  m_HasTransformHierarchy: 1
  m_AllowConstantClipSamplingOptimization: 1
  m_KeepAnimatorControllerStateOnDisable: 0
--- !u!1001 &962363720197354006
PrefabInstance:
  m_ObjectHideFlags: 0
  serializedVersion: 2
  m_Modification:
    m_TransformParent: {fileID: 3575815644744521591}
    m_Modifications:
    - target: {fileID: 20134247089202999, guid: 99b21f5ad984c464cb25bd065fe78dce, type: 3}
      propertyPath: m_Enabled
      value: 1
      objectReference: {fileID: 0}
    - target: {fileID: 69206392900546674, guid: 99b21f5ad984c464cb25bd065fe78dce, type: 3}
      propertyPath: m_LocalEulerAnglesHint.x
      value: 69.34117
      objectReference: {fileID: 0}
    - target: {fileID: 69206392900546674, guid: 99b21f5ad984c464cb25bd065fe78dce, type: 3}
      propertyPath: m_LocalEulerAnglesHint.y
      value: -105.43311
      objectReference: {fileID: 0}
    - target: {fileID: 69206392900546674, guid: 99b21f5ad984c464cb25bd065fe78dce, type: 3}
      propertyPath: m_LocalEulerAnglesHint.z
      value: -22.628357
      objectReference: {fileID: 0}
    - target: {fileID: 122327653249656983, guid: 99b21f5ad984c464cb25bd065fe78dce, type: 3}
      propertyPath: m_LocalEulerAnglesHint.x
      value: 0.4996718
      objectReference: {fileID: 0}
    - target: {fileID: 122327653249656983, guid: 99b21f5ad984c464cb25bd065fe78dce, type: 3}
      propertyPath: m_LocalEulerAnglesHint.y
      value: -6.635916
      objectReference: {fileID: 0}
    - target: {fileID: 122327653249656983, guid: 99b21f5ad984c464cb25bd065fe78dce, type: 3}
      propertyPath: m_LocalEulerAnglesHint.z
      value: -1.4301958
      objectReference: {fileID: 0}
    - target: {fileID: 173359089475198899, guid: 99b21f5ad984c464cb25bd065fe78dce, type: 3}
      propertyPath: m_LocalEulerAnglesHint.x
      value: -90
      objectReference: {fileID: 0}
    - target: {fileID: 173359089475198899, guid: 99b21f5ad984c464cb25bd065fe78dce, type: 3}
      propertyPath: m_LocalEulerAnglesHint.y
      value: 89.99992
      objectReference: {fileID: 0}
    - target: {fileID: 1036721661497109445, guid: 99b21f5ad984c464cb25bd065fe78dce, type: 3}
      propertyPath: m_LocalEulerAnglesHint.x
      value: -7.105249
      objectReference: {fileID: 0}
    - target: {fileID: 1036721661497109445, guid: 99b21f5ad984c464cb25bd065fe78dce, type: 3}
      propertyPath: m_LocalEulerAnglesHint.y
      value: 13.358762
      objectReference: {fileID: 0}
    - target: {fileID: 1036721661497109445, guid: 99b21f5ad984c464cb25bd065fe78dce, type: 3}
      propertyPath: m_LocalEulerAnglesHint.z
      value: -43.624443
      objectReference: {fileID: 0}
    - target: {fileID: 1048196011938111097, guid: 99b21f5ad984c464cb25bd065fe78dce, type: 3}
      propertyPath: m_LocalEulerAnglesHint.x
      value: 0.26504982
      objectReference: {fileID: 0}
    - target: {fileID: 1048196011938111097, guid: 99b21f5ad984c464cb25bd065fe78dce, type: 3}
      propertyPath: m_LocalEulerAnglesHint.y
      value: 2.3845425
      objectReference: {fileID: 0}
    - target: {fileID: 1048196011938111097, guid: 99b21f5ad984c464cb25bd065fe78dce, type: 3}
      propertyPath: m_LocalEulerAnglesHint.z
      value: -19.063595
      objectReference: {fileID: 0}
    - target: {fileID: 1148944078154639831, guid: 99b21f5ad984c464cb25bd065fe78dce, type: 3}
      propertyPath: m_LocalEulerAnglesHint.x
      value: -0.000001710627
      objectReference: {fileID: 0}
    - target: {fileID: 1148944078154639831, guid: 99b21f5ad984c464cb25bd065fe78dce, type: 3}
      propertyPath: m_LocalEulerAnglesHint.y
      value: 0.00000018716294
      objectReference: {fileID: 0}
    - target: {fileID: 1148944078154639831, guid: 99b21f5ad984c464cb25bd065fe78dce, type: 3}
      propertyPath: m_LocalEulerAnglesHint.z
      value: -13.36902
      objectReference: {fileID: 0}
    - target: {fileID: 1252234597599538131, guid: 99b21f5ad984c464cb25bd065fe78dce, type: 3}
      propertyPath: m_LocalEulerAnglesHint.x
      value: -70.18474
      objectReference: {fileID: 0}
    - target: {fileID: 1252234597599538131, guid: 99b21f5ad984c464cb25bd065fe78dce, type: 3}
      propertyPath: m_LocalEulerAnglesHint.y
      value: 3.9797068
      objectReference: {fileID: 0}
    - target: {fileID: 1252234597599538131, guid: 99b21f5ad984c464cb25bd065fe78dce, type: 3}
      propertyPath: m_LocalEulerAnglesHint.z
      value: 89.41494
      objectReference: {fileID: 0}
    - target: {fileID: 1456503001786922345, guid: 99b21f5ad984c464cb25bd065fe78dce, type: 3}
      propertyPath: m_LocalEulerAnglesHint.x
      value: 28.475182
      objectReference: {fileID: 0}
    - target: {fileID: 1456503001786922345, guid: 99b21f5ad984c464cb25bd065fe78dce, type: 3}
      propertyPath: m_LocalEulerAnglesHint.y
      value: -7.289501
      objectReference: {fileID: 0}
    - target: {fileID: 1456503001786922345, guid: 99b21f5ad984c464cb25bd065fe78dce, type: 3}
      propertyPath: m_LocalEulerAnglesHint.z
      value: 98.81001
      objectReference: {fileID: 0}
    - target: {fileID: 1467709446377620422, guid: 99b21f5ad984c464cb25bd065fe78dce, type: 3}
      propertyPath: m_LocalEulerAnglesHint.x
      value: 0.000000049352785
      objectReference: {fileID: 0}
    - target: {fileID: 1467709446377620422, guid: 99b21f5ad984c464cb25bd065fe78dce, type: 3}
      propertyPath: m_LocalEulerAnglesHint.y
      value: 0.00000020765928
      objectReference: {fileID: 0}
    - target: {fileID: 1467709446377620422, guid: 99b21f5ad984c464cb25bd065fe78dce, type: 3}
      propertyPath: m_LocalEulerAnglesHint.z
      value: -13.36902
      objectReference: {fileID: 0}
    - target: {fileID: 1622146124277252509, guid: 99b21f5ad984c464cb25bd065fe78dce, type: 3}
      propertyPath: m_LocalEulerAnglesHint.x
      value: -0.00023596548
      objectReference: {fileID: 0}
    - target: {fileID: 1622146124277252509, guid: 99b21f5ad984c464cb25bd065fe78dce, type: 3}
      propertyPath: m_LocalEulerAnglesHint.y
      value: 0.00005189846
      objectReference: {fileID: 0}
    - target: {fileID: 1622146124277252509, guid: 99b21f5ad984c464cb25bd065fe78dce, type: 3}
      propertyPath: m_LocalEulerAnglesHint.z
      value: 9.986791
      objectReference: {fileID: 0}
    - target: {fileID: 1644540458443819265, guid: 99b21f5ad984c464cb25bd065fe78dce, type: 3}
      propertyPath: m_LocalEulerAnglesHint.x
      value: 3.8893012e-28
      objectReference: {fileID: 0}
    - target: {fileID: 1644540458443819265, guid: 99b21f5ad984c464cb25bd065fe78dce, type: 3}
      propertyPath: m_LocalEulerAnglesHint.y
      value: -1.09474096e-13
      objectReference: {fileID: 0}
    - target: {fileID: 1644540458443819265, guid: 99b21f5ad984c464cb25bd065fe78dce, type: 3}
      propertyPath: m_LocalEulerAnglesHint.z
      value: 2.0355549e-13
      objectReference: {fileID: 0}
    - target: {fileID: 1646264075233526879, guid: 99b21f5ad984c464cb25bd065fe78dce, type: 3}
      propertyPath: m_Name
      value: P2_bone (5)
      objectReference: {fileID: 0}
    - target: {fileID: 1646264075233526879, guid: 99b21f5ad984c464cb25bd065fe78dce, type: 3}
      propertyPath: m_IsActive
      value: 1
      objectReference: {fileID: 0}
    - target: {fileID: 1878415526526000310, guid: 99b21f5ad984c464cb25bd065fe78dce, type: 3}
      propertyPath: m_LocalEulerAnglesHint.x
      value: 6.6963053
      objectReference: {fileID: 0}
    - target: {fileID: 1878415526526000310, guid: 99b21f5ad984c464cb25bd065fe78dce, type: 3}
      propertyPath: m_LocalEulerAnglesHint.y
      value: -90.00015
      objectReference: {fileID: 0}
    - target: {fileID: 1878415526526000310, guid: 99b21f5ad984c464cb25bd065fe78dce, type: 3}
      propertyPath: m_LocalEulerAnglesHint.z
      value: 180
      objectReference: {fileID: 0}
    - target: {fileID: 1880602046824761203, guid: 99b21f5ad984c464cb25bd065fe78dce, type: 3}
      propertyPath: m_LocalEulerAnglesHint.x
      value: 2.2830412
      objectReference: {fileID: 0}
    - target: {fileID: 1880602046824761203, guid: 99b21f5ad984c464cb25bd065fe78dce, type: 3}
      propertyPath: m_LocalEulerAnglesHint.y
      value: 3.8756378
      objectReference: {fileID: 0}
    - target: {fileID: 1880602046824761203, guid: 99b21f5ad984c464cb25bd065fe78dce, type: 3}
      propertyPath: m_LocalEulerAnglesHint.z
      value: -10.776052
      objectReference: {fileID: 0}
    - target: {fileID: 1880778023169445806, guid: 99b21f5ad984c464cb25bd065fe78dce, type: 3}
      propertyPath: m_Controller
      value: 
      objectReference: {fileID: 9100000, guid: 9a450884c1132be42a2cddc35ed3fe02, type: 2}
    - target: {fileID: 1989202162529233118, guid: 99b21f5ad984c464cb25bd065fe78dce, type: 3}
      propertyPath: m_LocalEulerAnglesHint.x
      value: 0.000009204689
      objectReference: {fileID: 0}
    - target: {fileID: 1989202162529233118, guid: 99b21f5ad984c464cb25bd065fe78dce, type: 3}
      propertyPath: m_LocalEulerAnglesHint.y
      value: 0.000053299234
      objectReference: {fileID: 0}
    - target: {fileID: 1989202162529233118, guid: 99b21f5ad984c464cb25bd065fe78dce, type: 3}
      propertyPath: m_LocalEulerAnglesHint.z
      value: -19.59646
      objectReference: {fileID: 0}
    - target: {fileID: 2125667313493723596, guid: 99b21f5ad984c464cb25bd065fe78dce, type: 3}
      propertyPath: m_LocalEulerAnglesHint.x
      value: -6.6963053
      objectReference: {fileID: 0}
    - target: {fileID: 2125667313493723596, guid: 99b21f5ad984c464cb25bd065fe78dce, type: 3}
      propertyPath: m_LocalEulerAnglesHint.y
      value: 90.00015
      objectReference: {fileID: 0}
    - target: {fileID: 2125667313493723596, guid: 99b21f5ad984c464cb25bd065fe78dce, type: 3}
      propertyPath: m_LocalEulerAnglesHint.z
      value: 180
      objectReference: {fileID: 0}
    - target: {fileID: 2131157931183857381, guid: 99b21f5ad984c464cb25bd065fe78dce, type: 3}
      propertyPath: m_RootOrder
      value: 2
      objectReference: {fileID: 0}
    - target: {fileID: 2131157931183857381, guid: 99b21f5ad984c464cb25bd065fe78dce, type: 3}
      propertyPath: m_LocalPosition.x
      value: -4.4502563
      objectReference: {fileID: 0}
    - target: {fileID: 2131157931183857381, guid: 99b21f5ad984c464cb25bd065fe78dce, type: 3}
      propertyPath: m_LocalPosition.y
      value: -1.7428889
      objectReference: {fileID: 0}
    - target: {fileID: 2131157931183857381, guid: 99b21f5ad984c464cb25bd065fe78dce, type: 3}
      propertyPath: m_LocalPosition.z
      value: -5.8041596
      objectReference: {fileID: 0}
    - target: {fileID: 2131157931183857381, guid: 99b21f5ad984c464cb25bd065fe78dce, type: 3}
      propertyPath: m_LocalRotation.w
      value: 1
      objectReference: {fileID: 0}
    - target: {fileID: 2131157931183857381, guid: 99b21f5ad984c464cb25bd065fe78dce, type: 3}
      propertyPath: m_LocalRotation.x
      value: -0
      objectReference: {fileID: 0}
    - target: {fileID: 2131157931183857381, guid: 99b21f5ad984c464cb25bd065fe78dce, type: 3}
      propertyPath: m_LocalRotation.y
      value: -0
      objectReference: {fileID: 0}
    - target: {fileID: 2131157931183857381, guid: 99b21f5ad984c464cb25bd065fe78dce, type: 3}
      propertyPath: m_LocalRotation.z
      value: -0
      objectReference: {fileID: 0}
    - target: {fileID: 2131157931183857381, guid: 99b21f5ad984c464cb25bd065fe78dce, type: 3}
      propertyPath: m_LocalEulerAnglesHint.x
      value: 0
      objectReference: {fileID: 0}
    - target: {fileID: 2131157931183857381, guid: 99b21f5ad984c464cb25bd065fe78dce, type: 3}
      propertyPath: m_LocalEulerAnglesHint.y
      value: 0
      objectReference: {fileID: 0}
    - target: {fileID: 2131157931183857381, guid: 99b21f5ad984c464cb25bd065fe78dce, type: 3}
      propertyPath: m_LocalEulerAnglesHint.z
      value: 0
      objectReference: {fileID: 0}
    - target: {fileID: 2159183311983452092, guid: 99b21f5ad984c464cb25bd065fe78dce, type: 3}
      propertyPath: m_LocalEulerAnglesHint.x
      value: -0.0000002570121
      objectReference: {fileID: 0}
    - target: {fileID: 2159183311983452092, guid: 99b21f5ad984c464cb25bd065fe78dce, type: 3}
      propertyPath: m_LocalEulerAnglesHint.y
      value: -0.00000015830652
      objectReference: {fileID: 0}
    - target: {fileID: 2159183311983452092, guid: 99b21f5ad984c464cb25bd065fe78dce, type: 3}
      propertyPath: m_LocalEulerAnglesHint.z
      value: -13.36902
      objectReference: {fileID: 0}
    - target: {fileID: 2187208528969567678, guid: 99b21f5ad984c464cb25bd065fe78dce, type: 3}
      propertyPath: m_LocalEulerAnglesHint.x
      value: 4.3701243
      objectReference: {fileID: 0}
    - target: {fileID: 2187208528969567678, guid: 99b21f5ad984c464cb25bd065fe78dce, type: 3}
      propertyPath: m_LocalEulerAnglesHint.y
      value: -3.866321
      objectReference: {fileID: 0}
    - target: {fileID: 2187208528969567678, guid: 99b21f5ad984c464cb25bd065fe78dce, type: 3}
      propertyPath: m_LocalEulerAnglesHint.z
      value: -6.0720925
      objectReference: {fileID: 0}
    - target: {fileID: 2306698981165841093, guid: 99b21f5ad984c464cb25bd065fe78dce, type: 3}
      propertyPath: m_LocalEulerAnglesHint.x
      value: -8.893472
      objectReference: {fileID: 0}
    - target: {fileID: 2306698981165841093, guid: 99b21f5ad984c464cb25bd065fe78dce, type: 3}
      propertyPath: m_LocalEulerAnglesHint.y
      value: -151.17433
      objectReference: {fileID: 0}
    - target: {fileID: 2306698981165841093, guid: 99b21f5ad984c464cb25bd065fe78dce, type: 3}
      propertyPath: m_LocalEulerAnglesHint.z
      value: -70.7502
      objectReference: {fileID: 0}
    - target: {fileID: 2924681099910566269, guid: 99b21f5ad984c464cb25bd065fe78dce, type: 3}
      propertyPath: m_LocalEulerAnglesHint.x
      value: -0.6089861
      objectReference: {fileID: 0}
    - target: {fileID: 2924681099910566269, guid: 99b21f5ad984c464cb25bd065fe78dce, type: 3}
      propertyPath: m_LocalEulerAnglesHint.y
      value: 9.261051
      objectReference: {fileID: 0}
    - target: {fileID: 2924681099910566269, guid: 99b21f5ad984c464cb25bd065fe78dce, type: 3}
      propertyPath: m_LocalEulerAnglesHint.z
      value: 5.3925395
      objectReference: {fileID: 0}
    - target: {fileID: 3057829239979118354, guid: 99b21f5ad984c464cb25bd065fe78dce, type: 3}
      propertyPath: m_LocalEulerAnglesHint.y
      value: 0.000002504478
      objectReference: {fileID: 0}
    - target: {fileID: 3057829239979118354, guid: 99b21f5ad984c464cb25bd065fe78dce, type: 3}
      propertyPath: m_LocalEulerAnglesHint.z
      value: -90
      objectReference: {fileID: 0}
    - target: {fileID: 3063353161958420777, guid: 99b21f5ad984c464cb25bd065fe78dce, type: 3}
      propertyPath: m_LocalEulerAnglesHint.x
      value: -3.3414383
      objectReference: {fileID: 0}
    - target: {fileID: 3063353161958420777, guid: 99b21f5ad984c464cb25bd065fe78dce, type: 3}
      propertyPath: m_LocalEulerAnglesHint.y
      value: -3.823245
      objectReference: {fileID: 0}
    - target: {fileID: 3063353161958420777, guid: 99b21f5ad984c464cb25bd065fe78dce, type: 3}
      propertyPath: m_LocalEulerAnglesHint.z
      value: -45.314026
      objectReference: {fileID: 0}
    - target: {fileID: 3086887256514935472, guid: 99b21f5ad984c464cb25bd065fe78dce, type: 3}
      propertyPath: m_LocalEulerAnglesHint.x
      value: 4.505881
      objectReference: {fileID: 0}
    - target: {fileID: 3086887256514935472, guid: 99b21f5ad984c464cb25bd065fe78dce, type: 3}
      propertyPath: m_LocalEulerAnglesHint.y
      value: 3.9225202
      objectReference: {fileID: 0}
    - target: {fileID: 3086887256514935472, guid: 99b21f5ad984c464cb25bd065fe78dce, type: 3}
      propertyPath: m_LocalEulerAnglesHint.z
      value: -40.22843
      objectReference: {fileID: 0}
    - target: {fileID: 3368567144393062106, guid: 99b21f5ad984c464cb25bd065fe78dce, type: 3}
      propertyPath: m_LocalEulerAnglesHint.x
      value: 0.000024314342
      objectReference: {fileID: 0}
    - target: {fileID: 3368567144393062106, guid: 99b21f5ad984c464cb25bd065fe78dce, type: 3}
      propertyPath: m_LocalEulerAnglesHint.y
      value: 0.000004096773
      objectReference: {fileID: 0}
    - target: {fileID: 3368567144393062106, guid: 99b21f5ad984c464cb25bd065fe78dce, type: 3}
      propertyPath: m_LocalEulerAnglesHint.z
      value: -4.853567
      objectReference: {fileID: 0}
    - target: {fileID: 3406914249540725147, guid: 99b21f5ad984c464cb25bd065fe78dce, type: 3}
      propertyPath: m_LocalEulerAnglesHint.x
      value: 0.04291728
      objectReference: {fileID: 0}
    - target: {fileID: 3406914249540725147, guid: 99b21f5ad984c464cb25bd065fe78dce, type: 3}
      propertyPath: m_LocalEulerAnglesHint.y
      value: 19.86117
      objectReference: {fileID: 0}
    - target: {fileID: 3406914249540725147, guid: 99b21f5ad984c464cb25bd065fe78dce, type: 3}
      propertyPath: m_LocalEulerAnglesHint.z
      value: 6.4788876
      objectReference: {fileID: 0}
    - target: {fileID: 3618382659236246333, guid: 99b21f5ad984c464cb25bd065fe78dce, type: 3}
      propertyPath: m_LocalEulerAnglesHint.x
      value: 0.000009939258
      objectReference: {fileID: 0}
    - target: {fileID: 3618382659236246333, guid: 99b21f5ad984c464cb25bd065fe78dce, type: 3}
      propertyPath: m_LocalEulerAnglesHint.y
      value: -0.0000818371
      objectReference: {fileID: 0}
    - target: {fileID: 3618382659236246333, guid: 99b21f5ad984c464cb25bd065fe78dce, type: 3}
      propertyPath: m_LocalEulerAnglesHint.z
      value: 9.960383
      objectReference: {fileID: 0}
    - target: {fileID: 4015857369549619044, guid: 99b21f5ad984c464cb25bd065fe78dce, type: 3}
      propertyPath: m_LocalEulerAnglesHint.x
      value: 0.3942205
      objectReference: {fileID: 0}
    - target: {fileID: 4015857369549619044, guid: 99b21f5ad984c464cb25bd065fe78dce, type: 3}
      propertyPath: m_LocalEulerAnglesHint.y
      value: -4.6382365
      objectReference: {fileID: 0}
    - target: {fileID: 4015857369549619044, guid: 99b21f5ad984c464cb25bd065fe78dce, type: 3}
      propertyPath: m_LocalEulerAnglesHint.z
      value: -31.277336
      objectReference: {fileID: 0}
    - target: {fileID: 4016432938110677844, guid: 99b21f5ad984c464cb25bd065fe78dce, type: 3}
      propertyPath: m_LocalEulerAnglesHint.x
      value: 0.04562595
      objectReference: {fileID: 0}
    - target: {fileID: 4016432938110677844, guid: 99b21f5ad984c464cb25bd065fe78dce, type: 3}
      propertyPath: m_LocalEulerAnglesHint.y
      value: -0.000008296364
      objectReference: {fileID: 0}
    - target: {fileID: 4016432938110677844, guid: 99b21f5ad984c464cb25bd065fe78dce, type: 3}
      propertyPath: m_LocalEulerAnglesHint.z
      value: -15.333685
      objectReference: {fileID: 0}
    - target: {fileID: 4023666586307500469, guid: 99b21f5ad984c464cb25bd065fe78dce, type: 3}
      propertyPath: m_LocalEulerAnglesHint.x
      value: -0.26505086
      objectReference: {fileID: 0}
    - target: {fileID: 4023666586307500469, guid: 99b21f5ad984c464cb25bd065fe78dce, type: 3}
      propertyPath: m_LocalEulerAnglesHint.y
      value: -2.384542
      objectReference: {fileID: 0}
    - target: {fileID: 4023666586307500469, guid: 99b21f5ad984c464cb25bd065fe78dce, type: 3}
      propertyPath: m_LocalEulerAnglesHint.z
      value: -19.063602
      objectReference: {fileID: 0}
    - target: {fileID: 4152695013192646223, guid: 99b21f5ad984c464cb25bd065fe78dce, type: 3}
      propertyPath: m_LocalEulerAnglesHint.x
      value: 22.448399
      objectReference: {fileID: 0}
    - target: {fileID: 4152695013192646223, guid: 99b21f5ad984c464cb25bd065fe78dce, type: 3}
      propertyPath: m_LocalEulerAnglesHint.y
      value: 4.4447293
      objectReference: {fileID: 0}
    - target: {fileID: 4152695013192646223, guid: 99b21f5ad984c464cb25bd065fe78dce, type: 3}
      propertyPath: m_LocalEulerAnglesHint.z
      value: 94.84045
      objectReference: {fileID: 0}
    - target: {fileID: 4691436186887703774, guid: 99b21f5ad984c464cb25bd065fe78dce, type: 3}
      propertyPath: m_LocalEulerAnglesHint.x
      value: -0.39421847
      objectReference: {fileID: 0}
    - target: {fileID: 4691436186887703774, guid: 99b21f5ad984c464cb25bd065fe78dce, type: 3}
      propertyPath: m_LocalEulerAnglesHint.y
      value: 4.638234
      objectReference: {fileID: 0}
    - target: {fileID: 4691436186887703774, guid: 99b21f5ad984c464cb25bd065fe78dce, type: 3}
      propertyPath: m_LocalEulerAnglesHint.z
      value: -31.277344
      objectReference: {fileID: 0}
    - target: {fileID: 4704049914753600844, guid: 99b21f5ad984c464cb25bd065fe78dce, type: 3}
      propertyPath: m_LocalEulerAnglesHint.z
      value: -30.828047
      objectReference: {fileID: 0}
    - target: {fileID: 4765197522667374397, guid: 99b21f5ad984c464cb25bd065fe78dce, type: 3}
      propertyPath: m_LocalEulerAnglesHint.x
      value: 0.00000036596583
      objectReference: {fileID: 0}
    - target: {fileID: 4765197522667374397, guid: 99b21f5ad984c464cb25bd065fe78dce, type: 3}
      propertyPath: m_LocalEulerAnglesHint.y
      value: -0.00000030636485
      objectReference: {fileID: 0}
    - target: {fileID: 4765197522667374397, guid: 99b21f5ad984c464cb25bd065fe78dce, type: 3}
      propertyPath: m_LocalEulerAnglesHint.z
      value: -13.36902
      objectReference: {fileID: 0}
    - target: {fileID: 4875218966854179003, guid: 99b21f5ad984c464cb25bd065fe78dce, type: 3}
      propertyPath: m_LocalEulerAnglesHint.x
      value: -0.00000036284584
      objectReference: {fileID: 0}
    - target: {fileID: 4875218966854179003, guid: 99b21f5ad984c464cb25bd065fe78dce, type: 3}
      propertyPath: m_LocalEulerAnglesHint.y
      value: -0.0000003100538
      objectReference: {fileID: 0}
    - target: {fileID: 4875218966854179003, guid: 99b21f5ad984c464cb25bd065fe78dce, type: 3}
      propertyPath: m_LocalEulerAnglesHint.z
      value: -22.920868
      objectReference: {fileID: 0}
    - target: {fileID: 4898594577510642713, guid: 99b21f5ad984c464cb25bd065fe78dce, type: 3}
      propertyPath: m_LocalEulerAnglesHint.x
      value: -0.0000003140437
      objectReference: {fileID: 0}
    - target: {fileID: 4898594577510642713, guid: 99b21f5ad984c464cb25bd065fe78dce, type: 3}
      propertyPath: m_LocalEulerAnglesHint.y
      value: -0.0000010563394
      objectReference: {fileID: 0}
    - target: {fileID: 4898594577510642713, guid: 99b21f5ad984c464cb25bd065fe78dce, type: 3}
      propertyPath: m_LocalEulerAnglesHint.z
      value: -11.638244
      objectReference: {fileID: 0}
    - target: {fileID: 5470120619561713581, guid: 99b21f5ad984c464cb25bd065fe78dce, type: 3}
      propertyPath: m_LocalEulerAnglesHint.x
      value: 3.8893012e-28
      objectReference: {fileID: 0}
    - target: {fileID: 5470120619561713581, guid: 99b21f5ad984c464cb25bd065fe78dce, type: 3}
      propertyPath: m_LocalEulerAnglesHint.y
      value: -1.09474096e-13
      objectReference: {fileID: 0}
    - target: {fileID: 5470120619561713581, guid: 99b21f5ad984c464cb25bd065fe78dce, type: 3}
      propertyPath: m_LocalEulerAnglesHint.z
      value: 2.0355549e-13
      objectReference: {fileID: 0}
    - target: {fileID: 5524903734114037915, guid: 99b21f5ad984c464cb25bd065fe78dce, type: 3}
      propertyPath: m_LocalEulerAnglesHint.x
      value: 47.591778
      objectReference: {fileID: 0}
    - target: {fileID: 5524903734114037915, guid: 99b21f5ad984c464cb25bd065fe78dce, type: 3}
      propertyPath: m_LocalEulerAnglesHint.y
      value: -20.478893
      objectReference: {fileID: 0}
    - target: {fileID: 5524903734114037915, guid: 99b21f5ad984c464cb25bd065fe78dce, type: 3}
      propertyPath: m_LocalEulerAnglesHint.z
      value: 68.40003
      objectReference: {fileID: 0}
    - target: {fileID: 5569946405950070804, guid: 99b21f5ad984c464cb25bd065fe78dce, type: 3}
      propertyPath: m_LocalEulerAnglesHint.x
      value: 3.8893012e-28
      objectReference: {fileID: 0}
    - target: {fileID: 5569946405950070804, guid: 99b21f5ad984c464cb25bd065fe78dce, type: 3}
      propertyPath: m_LocalEulerAnglesHint.y
      value: -1.09474096e-13
      objectReference: {fileID: 0}
    - target: {fileID: 5569946405950070804, guid: 99b21f5ad984c464cb25bd065fe78dce, type: 3}
      propertyPath: m_LocalEulerAnglesHint.z
      value: 2.0355549e-13
      objectReference: {fileID: 0}
    - target: {fileID: 5740017153948783731, guid: 99b21f5ad984c464cb25bd065fe78dce, type: 3}
      propertyPath: m_LocalEulerAnglesHint.x
      value: -0.045625772
      objectReference: {fileID: 0}
    - target: {fileID: 5740017153948783731, guid: 99b21f5ad984c464cb25bd065fe78dce, type: 3}
      propertyPath: m_LocalEulerAnglesHint.y
      value: 0.00000088378937
      objectReference: {fileID: 0}
    - target: {fileID: 5740017153948783731, guid: 99b21f5ad984c464cb25bd065fe78dce, type: 3}
      propertyPath: m_LocalEulerAnglesHint.z
      value: -38.106598
      objectReference: {fileID: 0}
    - target: {fileID: 5829660834367877287, guid: 99b21f5ad984c464cb25bd065fe78dce, type: 3}
      propertyPath: m_LocalEulerAnglesHint.y
      value: 0.000002504478
      objectReference: {fileID: 0}
    - target: {fileID: 5829660834367877287, guid: 99b21f5ad984c464cb25bd065fe78dce, type: 3}
      propertyPath: m_LocalEulerAnglesHint.z
      value: -90
      objectReference: {fileID: 0}
    - target: {fileID: 6075765922645267110, guid: 99b21f5ad984c464cb25bd065fe78dce, type: 3}
      propertyPath: m_LocalEulerAnglesHint.x
      value: 7.105248
      objectReference: {fileID: 0}
    - target: {fileID: 6075765922645267110, guid: 99b21f5ad984c464cb25bd065fe78dce, type: 3}
      propertyPath: m_LocalEulerAnglesHint.y
      value: -13.358757
      objectReference: {fileID: 0}
    - target: {fileID: 6075765922645267110, guid: 99b21f5ad984c464cb25bd065fe78dce, type: 3}
      propertyPath: m_LocalEulerAnglesHint.z
      value: -20.09881
      objectReference: {fileID: 0}
    - target: {fileID: 6297350179143575447, guid: 99b21f5ad984c464cb25bd065fe78dce, type: 3}
      propertyPath: m_LocalEulerAnglesHint.x
      value: 3.8893012e-28
      objectReference: {fileID: 0}
    - target: {fileID: 6297350179143575447, guid: 99b21f5ad984c464cb25bd065fe78dce, type: 3}
      propertyPath: m_LocalEulerAnglesHint.y
      value: -1.09474096e-13
      objectReference: {fileID: 0}
    - target: {fileID: 6297350179143575447, guid: 99b21f5ad984c464cb25bd065fe78dce, type: 3}
      propertyPath: m_LocalEulerAnglesHint.z
      value: 2.0355549e-13
      objectReference: {fileID: 0}
    - target: {fileID: 6302846367659356740, guid: 99b21f5ad984c464cb25bd065fe78dce, type: 3}
      propertyPath: m_LocalEulerAnglesHint.x
      value: 82.307205
      objectReference: {fileID: 0}
    - target: {fileID: 6302846367659356740, guid: 99b21f5ad984c464cb25bd065fe78dce, type: 3}
      propertyPath: m_LocalEulerAnglesHint.y
      value: -27.56603
      objectReference: {fileID: 0}
    - target: {fileID: 6302846367659356740, guid: 99b21f5ad984c464cb25bd065fe78dce, type: 3}
      propertyPath: m_LocalEulerAnglesHint.z
      value: 52.235252
      objectReference: {fileID: 0}
    - target: {fileID: 6717641283969564123, guid: 99b21f5ad984c464cb25bd065fe78dce, type: 3}
      propertyPath: m_LocalEulerAnglesHint.x
      value: -4.3701243
      objectReference: {fileID: 0}
    - target: {fileID: 6717641283969564123, guid: 99b21f5ad984c464cb25bd065fe78dce, type: 3}
      propertyPath: m_LocalEulerAnglesHint.y
      value: 3.8663197
      objectReference: {fileID: 0}
    - target: {fileID: 6717641283969564123, guid: 99b21f5ad984c464cb25bd065fe78dce, type: 3}
      propertyPath: m_LocalEulerAnglesHint.z
      value: -6.07209
      objectReference: {fileID: 0}
    - target: {fileID: 6906977024431357259, guid: 99b21f5ad984c464cb25bd065fe78dce, type: 3}
      propertyPath: m_LocalEulerAnglesHint.x
      value: 7.5436363
      objectReference: {fileID: 0}
    - target: {fileID: 6906977024431357259, guid: 99b21f5ad984c464cb25bd065fe78dce, type: 3}
      propertyPath: m_LocalEulerAnglesHint.y
      value: 149.68112
      objectReference: {fileID: 0}
    - target: {fileID: 6906977024431357259, guid: 99b21f5ad984c464cb25bd065fe78dce, type: 3}
      propertyPath: m_LocalEulerAnglesHint.z
      value: -70.88148
      objectReference: {fileID: 0}
    - target: {fileID: 7020878745089967763, guid: 99b21f5ad984c464cb25bd065fe78dce, type: 3}
      propertyPath: m_LocalEulerAnglesHint.x
      value: -28.475206
      objectReference: {fileID: 0}
    - target: {fileID: 7020878745089967763, guid: 99b21f5ad984c464cb25bd065fe78dce, type: 3}
      propertyPath: m_LocalEulerAnglesHint.y
      value: 7.2895455
      objectReference: {fileID: 0}
    - target: {fileID: 7020878745089967763, guid: 99b21f5ad984c464cb25bd065fe78dce, type: 3}
      propertyPath: m_LocalEulerAnglesHint.z
      value: 98.81001
      objectReference: {fileID: 0}
    - target: {fileID: 7039276232469444881, guid: 99b21f5ad984c464cb25bd065fe78dce, type: 3}
      propertyPath: m_LocalEulerAnglesHint.x
      value: -0.042909812
      objectReference: {fileID: 0}
    - target: {fileID: 7039276232469444881, guid: 99b21f5ad984c464cb25bd065fe78dce, type: 3}
      propertyPath: m_LocalEulerAnglesHint.y
      value: -19.861176
      objectReference: {fileID: 0}
    - target: {fileID: 7039276232469444881, guid: 99b21f5ad984c464cb25bd065fe78dce, type: 3}
      propertyPath: m_LocalEulerAnglesHint.z
      value: -13.374374
      objectReference: {fileID: 0}
    - target: {fileID: 7108855489182875991, guid: 99b21f5ad984c464cb25bd065fe78dce, type: 3}
      propertyPath: m_LocalEulerAnglesHint.x
      value: -0.000000049147673
      objectReference: {fileID: 0}
    - target: {fileID: 7108855489182875991, guid: 99b21f5ad984c464cb25bd065fe78dce, type: 3}
      propertyPath: m_LocalEulerAnglesHint.y
      value: 0.000000020781886
      objectReference: {fileID: 0}
    - target: {fileID: 7108855489182875991, guid: 99b21f5ad984c464cb25bd065fe78dce, type: 3}
      propertyPath: m_LocalEulerAnglesHint.z
      value: -22.920868
      objectReference: {fileID: 0}
    - target: {fileID: 7234040888854896338, guid: 99b21f5ad984c464cb25bd065fe78dce, type: 3}
      propertyPath: m_LocalEulerAnglesHint.x
      value: 5.8678427
      objectReference: {fileID: 0}
    - target: {fileID: 7234040888854896338, guid: 99b21f5ad984c464cb25bd065fe78dce, type: 3}
      propertyPath: m_LocalEulerAnglesHint.y
      value: 11.662601
      objectReference: {fileID: 0}
    - target: {fileID: 7234040888854896338, guid: 99b21f5ad984c464cb25bd065fe78dce, type: 3}
      propertyPath: m_LocalEulerAnglesHint.z
      value: -26.349136
      objectReference: {fileID: 0}
    - target: {fileID: 7325980160551050615, guid: 99b21f5ad984c464cb25bd065fe78dce, type: 3}
      propertyPath: m_LocalEulerAnglesHint.x
      value: 3.3414757
      objectReference: {fileID: 0}
    - target: {fileID: 7325980160551050615, guid: 99b21f5ad984c464cb25bd065fe78dce, type: 3}
      propertyPath: m_LocalEulerAnglesHint.y
      value: 3.8232286
      objectReference: {fileID: 0}
    - target: {fileID: 7325980160551050615, guid: 99b21f5ad984c464cb25bd065fe78dce, type: 3}
      propertyPath: m_LocalEulerAnglesHint.z
      value: -13.762039
      objectReference: {fileID: 0}
    - target: {fileID: 7362441728714499880, guid: 99b21f5ad984c464cb25bd065fe78dce, type: 3}
      propertyPath: m_LocalEulerAnglesHint.x
      value: -69.34109
      objectReference: {fileID: 0}
    - target: {fileID: 7362441728714499880, guid: 99b21f5ad984c464cb25bd065fe78dce, type: 3}
      propertyPath: m_LocalEulerAnglesHint.y
      value: 105.43299
      objectReference: {fileID: 0}
    - target: {fileID: 7362441728714499880, guid: 99b21f5ad984c464cb25bd065fe78dce, type: 3}
      propertyPath: m_LocalEulerAnglesHint.z
      value: -22.628233
      objectReference: {fileID: 0}
    - target: {fileID: 7515033535627984593, guid: 99b21f5ad984c464cb25bd065fe78dce, type: 3}
      propertyPath: m_LocalEulerAnglesHint.x
      value: 0.8781154
      objectReference: {fileID: 0}
    - target: {fileID: 7515033535627984593, guid: 99b21f5ad984c464cb25bd065fe78dce, type: 3}
      propertyPath: m_LocalEulerAnglesHint.y
      value: 3.6975982
      objectReference: {fileID: 0}
    - target: {fileID: 7515033535627984593, guid: 99b21f5ad984c464cb25bd065fe78dce, type: 3}
      propertyPath: m_LocalEulerAnglesHint.z
      value: -1.4331467
      objectReference: {fileID: 0}
    - target: {fileID: 7832141899672485854, guid: 99b21f5ad984c464cb25bd065fe78dce, type: 3}
      propertyPath: m_LocalEulerAnglesHint.x
      value: -0.8780991
      objectReference: {fileID: 0}
    - target: {fileID: 7832141899672485854, guid: 99b21f5ad984c464cb25bd065fe78dce, type: 3}
      propertyPath: m_LocalEulerAnglesHint.y
      value: -3.6975842
      objectReference: {fileID: 0}
    - target: {fileID: 7832141899672485854, guid: 99b21f5ad984c464cb25bd065fe78dce, type: 3}
      propertyPath: m_LocalEulerAnglesHint.z
      value: -27.933544
      objectReference: {fileID: 0}
    - target: {fileID: 8049490445989787421, guid: 99b21f5ad984c464cb25bd065fe78dce, type: 3}
      propertyPath: m_LocalEulerAnglesHint.x
      value: -5.8678427
      objectReference: {fileID: 0}
    - target: {fileID: 8049490445989787421, guid: 99b21f5ad984c464cb25bd065fe78dce, type: 3}
      propertyPath: m_LocalEulerAnglesHint.y
      value: -11.662601
      objectReference: {fileID: 0}
    - target: {fileID: 8049490445989787421, guid: 99b21f5ad984c464cb25bd065fe78dce, type: 3}
      propertyPath: m_LocalEulerAnglesHint.z
      value: -26.349136
      objectReference: {fileID: 0}
    - target: {fileID: 8131170474304520872, guid: 99b21f5ad984c464cb25bd065fe78dce, type: 3}
      propertyPath: m_LocalEulerAnglesHint.x
      value: 0.000008412394
      objectReference: {fileID: 0}
    - target: {fileID: 8131170474304520872, guid: 99b21f5ad984c464cb25bd065fe78dce, type: 3}
      propertyPath: m_LocalEulerAnglesHint.y
      value: 0.00004730911
      objectReference: {fileID: 0}
    - target: {fileID: 8131170474304520872, guid: 99b21f5ad984c464cb25bd065fe78dce, type: 3}
      propertyPath: m_LocalEulerAnglesHint.z
      value: -26.714788
      objectReference: {fileID: 0}
    - target: {fileID: 8719503288342867384, guid: 99b21f5ad984c464cb25bd065fe78dce, type: 3}
      propertyPath: m_LocalEulerAnglesHint.x
      value: -65.24543
      objectReference: {fileID: 0}
    - target: {fileID: 8719503288342867384, guid: 99b21f5ad984c464cb25bd065fe78dce, type: 3}
      propertyPath: m_LocalEulerAnglesHint.y
      value: -13.600934
      objectReference: {fileID: 0}
    - target: {fileID: 8719503288342867384, guid: 99b21f5ad984c464cb25bd065fe78dce, type: 3}
      propertyPath: m_LocalEulerAnglesHint.z
      value: -16.0078
      objectReference: {fileID: 0}
    - target: {fileID: 8843558786103162542, guid: 99b21f5ad984c464cb25bd065fe78dce, type: 3}
      propertyPath: m_LocalEulerAnglesHint.x
      value: -2.2830162
      objectReference: {fileID: 0}
    - target: {fileID: 8843558786103162542, guid: 99b21f5ad984c464cb25bd065fe78dce, type: 3}
      propertyPath: m_LocalEulerAnglesHint.y
      value: -3.875633
      objectReference: {fileID: 0}
    - target: {fileID: 8843558786103162542, guid: 99b21f5ad984c464cb25bd065fe78dce, type: 3}
      propertyPath: m_LocalEulerAnglesHint.z
      value: -30.456167
      objectReference: {fileID: 0}
    - target: {fileID: 8995238373703943308, guid: 99b21f5ad984c464cb25bd065fe78dce, type: 3}
      propertyPath: m_LocalEulerAnglesHint.x
      value: 2.5479183
      objectReference: {fileID: 0}
    - target: {fileID: 8995238373703943308, guid: 99b21f5ad984c464cb25bd065fe78dce, type: 3}
      propertyPath: m_LocalEulerAnglesHint.y
      value: -2.110857
      objectReference: {fileID: 0}
    - target: {fileID: 8995238373703943308, guid: 99b21f5ad984c464cb25bd065fe78dce, type: 3}
      propertyPath: m_LocalEulerAnglesHint.z
      value: -14.438801
      objectReference: {fileID: 0}
    - target: {fileID: 9056941129437499950, guid: 99b21f5ad984c464cb25bd065fe78dce, type: 3}
      propertyPath: m_LocalEulerAnglesHint.x
      value: -4.505953
      objectReference: {fileID: 0}
    - target: {fileID: 9056941129437499950, guid: 99b21f5ad984c464cb25bd065fe78dce, type: 3}
      propertyPath: m_LocalEulerAnglesHint.y
      value: -3.9225206
      objectReference: {fileID: 0}
    - target: {fileID: 9056941129437499950, guid: 99b21f5ad984c464cb25bd065fe78dce, type: 3}
      propertyPath: m_LocalEulerAnglesHint.z
      value: -40.22842
      objectReference: {fileID: 0}
    m_RemovedComponents: []
  m_SourcePrefab: {fileID: 100100000, guid: 99b21f5ad984c464cb25bd065fe78dce, type: 3}
--- !u!4 &1209326918179908851 stripped
Transform:
  m_CorrespondingSourceObject: {fileID: 2131157931183857381, guid: 99b21f5ad984c464cb25bd065fe78dce, type: 3}
  m_PrefabInstance: {fileID: 962363720197354006}
  m_PrefabAsset: {fileID: 0}
--- !u!1001 &3575815645389589660
PrefabInstance:
  m_ObjectHideFlags: 0
  serializedVersion: 2
  m_Modification:
    m_TransformParent: {fileID: 3575815644744521591}
    m_Modifications:
    - target: {fileID: -8679921383154817045, guid: 9b40739ec79a63941824fc6b951fb9e6, type: 3}
      propertyPath: m_RootOrder
      value: 0
      objectReference: {fileID: 0}
    - target: {fileID: -8679921383154817045, guid: 9b40739ec79a63941824fc6b951fb9e6, type: 3}
      propertyPath: m_LocalScale.x
      value: 1.6494
      objectReference: {fileID: 0}
    - target: {fileID: -8679921383154817045, guid: 9b40739ec79a63941824fc6b951fb9e6, type: 3}
      propertyPath: m_LocalScale.y
      value: 1.6494
      objectReference: {fileID: 0}
    - target: {fileID: -8679921383154817045, guid: 9b40739ec79a63941824fc6b951fb9e6, type: 3}
      propertyPath: m_LocalScale.z
      value: 1.6494
      objectReference: {fileID: 0}
    - target: {fileID: -8679921383154817045, guid: 9b40739ec79a63941824fc6b951fb9e6, type: 3}
      propertyPath: m_LocalPosition.x
      value: -3.9375305
      objectReference: {fileID: 0}
    - target: {fileID: -8679921383154817045, guid: 9b40739ec79a63941824fc6b951fb9e6, type: 3}
      propertyPath: m_LocalPosition.y
      value: -0.35288906
      objectReference: {fileID: 0}
    - target: {fileID: -8679921383154817045, guid: 9b40739ec79a63941824fc6b951fb9e6, type: 3}
      propertyPath: m_LocalPosition.z
      value: 1.04584
      objectReference: {fileID: 0}
    - target: {fileID: -8679921383154817045, guid: 9b40739ec79a63941824fc6b951fb9e6, type: 3}
      propertyPath: m_LocalRotation.w
      value: 0
      objectReference: {fileID: 0}
    - target: {fileID: -8679921383154817045, guid: 9b40739ec79a63941824fc6b951fb9e6, type: 3}
      propertyPath: m_LocalRotation.x
      value: -0
      objectReference: {fileID: 0}
    - target: {fileID: -8679921383154817045, guid: 9b40739ec79a63941824fc6b951fb9e6, type: 3}
      propertyPath: m_LocalRotation.y
      value: 1
      objectReference: {fileID: 0}
    - target: {fileID: -8679921383154817045, guid: 9b40739ec79a63941824fc6b951fb9e6, type: 3}
      propertyPath: m_LocalRotation.z
      value: -0
      objectReference: {fileID: 0}
    - target: {fileID: -8679921383154817045, guid: 9b40739ec79a63941824fc6b951fb9e6, type: 3}
      propertyPath: m_LocalEulerAnglesHint.x
      value: 0
      objectReference: {fileID: 0}
    - target: {fileID: -8679921383154817045, guid: 9b40739ec79a63941824fc6b951fb9e6, type: 3}
      propertyPath: m_LocalEulerAnglesHint.y
      value: 180
      objectReference: {fileID: 0}
    - target: {fileID: -8679921383154817045, guid: 9b40739ec79a63941824fc6b951fb9e6, type: 3}
      propertyPath: m_LocalEulerAnglesHint.z
      value: 0
      objectReference: {fileID: 0}
    - target: {fileID: -7152774312546267170, guid: 9b40739ec79a63941824fc6b951fb9e6, type: 3}
      propertyPath: m_Materials.Array.data[0]
      value: 
      objectReference: {fileID: 2100000, guid: 03655f9034df2be4e93d3f44e30c5eb0, type: 2}
    - target: {fileID: -281209947260180008, guid: 9b40739ec79a63941824fc6b951fb9e6, type: 3}
      propertyPath: m_Materials.Array.data[0]
      value: 
      objectReference: {fileID: 2100000, guid: 8dc2a2ee4a6e4f44bab5277e3a5c2f45, type: 2}
    - target: {fileID: 919132149155446097, guid: 9b40739ec79a63941824fc6b951fb9e6, type: 3}
      propertyPath: m_Name
      value: "\u8EB2\u85CF\u8CB4"
      objectReference: {fileID: 0}
    - target: {fileID: 3260468178375366137, guid: 9b40739ec79a63941824fc6b951fb9e6, type: 3}
      propertyPath: m_LocalRotation.w
      value: 1
      objectReference: {fileID: 0}
    - target: {fileID: 3260468178375366137, guid: 9b40739ec79a63941824fc6b951fb9e6, type: 3}
      propertyPath: m_LocalRotation.x
      value: 0
      objectReference: {fileID: 0}
    - target: {fileID: 3260468178375366137, guid: 9b40739ec79a63941824fc6b951fb9e6, type: 3}
      propertyPath: m_LocalRotation.y
      value: -0
      objectReference: {fileID: 0}
    - target: {fileID: 3260468178375366137, guid: 9b40739ec79a63941824fc6b951fb9e6, type: 3}
      propertyPath: m_LocalEulerAnglesHint.y
      value: 0
      objectReference: {fileID: 0}
    m_RemovedComponents: []
  m_SourcePrefab: {fileID: 100100000, guid: 9b40739ec79a63941824fc6b951fb9e6, type: 3}
--- !u!1 &4422166169817330125 stripped
GameObject:
  m_CorrespondingSourceObject: {fileID: 919132149155446097, guid: 9b40739ec79a63941824fc6b951fb9e6, type: 3}
  m_PrefabInstance: {fileID: 3575815645389589660}
  m_PrefabAsset: {fileID: 0}
--- !u!4 &3897126739675343735 stripped
Transform:
  m_CorrespondingSourceObject: {fileID: -8679921383154817045, guid: 9b40739ec79a63941824fc6b951fb9e6, type: 3}
  m_PrefabInstance: {fileID: 3575815645389589660}
  m_PrefabAsset: {fileID: 0}
--- !u!1 &5606754644286357619 stripped
GameObject:
  m_CorrespondingSourceObject: {fileID: 8957915599947615471, guid: 9b40739ec79a63941824fc6b951fb9e6, type: 3}
  m_PrefabInstance: {fileID: 3575815645389589660}
  m_PrefabAsset: {fileID: 0}
